@book{koehn2009statistical,
  title={Statistical Machine Translation},
  author={Koehn, Philipp},
  year={2009},
  publisher={Cambridge University Press}
}