@article{SarkarFeatureSet,
    title = {{Feature Analysis for Computational Personality Recognition Using YouTube Personality Data set}},
    author = {Sarkar, Chandrima and Bhatia, Sumit and Agarwal, Arvind and Li, Juan},
    keywords = {Classification, Feature selection, Personality recognition}
}

@article{FarnadiAVloggers,
    title = {{A Multivariate Regression Approach to Personality Impression Recognition of Vloggers}},
    author = {Farnadi, Golnoosh and Sushmita, Shanu and Sitaraman, Geetha and De Cock, Martine and Davalos, Sergio},
    url = {http://dx.doi.org/10.1145/2659522.2659526.},
    doi = {10.1145/2659522.2659526},
    keywords = {Big Five personality model, YouTube vlog data, multivariate re-gression, personality impression prediction}
}

@article{MahmudWhyUse,
    title = {{Why Do You Write This? Prediction of Influencers from Word Use}},
    author = {Mahmud, Jalal},
    keywords = {Short Papers}
}

@article{Saxena2012MachineData,
    title = {{Machine Learning based approach for Human Trait Identification from Blog Data}},
    year = {2012},
    journal = {International Journal of Computer Applications},
    author = {Saxena, Saurabh and Sharma, Chandra Mani},
    number = {10},
    pages = {975--888},
    volume = {48},
    keywords = {Author Trait Identification, Emotion Mining, General Terms Algorithms, Human Behavior Analysis, Online System, Pattern Recognition Keywords Machine Learning, Soft Computing, Support Vector Machine, Text Processing}
}

@article{GillWhatBlogs,
    title = {{What Are They Blogging About? Personality, Topic and Motivation in Blogs}},
    author = {Gill, Alastair J and Nowson, Scott and Oberlander, Jon}
}

@inproceedings{Frank2014WeakAcquisition,
    title = {{Weak semantic context helps phonetic learning in a model of infant language acquisition}},
    year = {2014},
    booktitle = {52nd Annual Meeting of the A},
    author = {Frank, Stella and Feldman, Naomi H and Goldwater, Sharon}
}

@article{Vallabha2007UnsupervisedSpeech,
    title = {{Unsupervised learning of vowel categories from infant-directed speech}},
    year = {2007},
    author = {Vallabha, Gautam K and Mcclelland, James L and Pons, Ferran and Werker, Janet F and Amano, Shigeaki}
}

@article{Feldman2013AAcquisition,
    title = {{A Role for the Developing Lexicon in Phonetic Category Acquisition}},
    year = {2013},
    author = {Feldman, Naomi H and Griffiths, Thomas L and Goldwater, Sharon and Morgan, James L},
    url = {http://dx.doi.org/10.1037/a0034245.supp},
    keywords = {Bayesian inference, language acquisition, phonetic category learning}
}

@article{Feldman2009LearningLexicon,
    title = {{Learning Phonetic Categories by Learning a Lexicon}},
    year = {2009},
    author = {Feldman, Naomi H and Griffiths, Thomas L and Morgan, James L},
    keywords = {Bayesian inference, language acquisition, phonetic categories}
}

@article{Lake2009ModelingLearning,
    title = {{Modeling Unsupervised Perceptual Category Learning}},
    year = {2009},
    journal = {IEEE TRANSACTIONS ON AUTONOMOUS MENTAL DEVELOPMENT},
    author = {Lake, Brenden M and Vallabha, Gautam K and Mcclelland, James L},
    number = {1},
    volume = {1},
    doi = {10.1109/TAMD.2009.2021703}
}

@article{Mcmurray2009SPECIALApproach,
    title = {{SPECIAL SECTION: COMPUTATIONAL PRINCIPLES OF LANGUAGE ACQUISITION Statistical learning of phonetic categories: insights from a computational approach}},
    year = {2009},
    journal = {Developmental Science},
    author = {Mcmurray, Bob and Aslin, Richard N and Toscano, Joseph C},
    pages = {369--378},
    volume = {123},
    doi = {10.1111/j.1467-7687.2009.00822.x}
}

@article{Pajak2013ACategories,
    title = {{A model of generalization in distributional learning of phonetic categories}},
    year = {2013},
    author = {Pajak, Bozena and Bicknell, Klinton and Levy, Roger},
    pages = {11--20}
}

@article{Elsner2012BootstrappingAcquisition,
    title = {{Bootstrapping a Unified Model of Lexical and Phonetic Acquisition}},
    year = {2012},
    journal = {Jeju, Republic of Korea},
    author = {Elsner, Micha and Goldwater, Sharon and Eisenstein, Jacob},
    pages = {184--193},
    publisher = {Association for Computational Linguistics}
}

@article{DeBoer2003InvestigatingModel,
    title = {{Investigating the role of infant-directed speech with a computer model}},
    year = {2003},
    author = {De Boer, Bart and Kuhl, Patricia K},
    number = {4},
    url = {http://dx.doi.org/10.1121/1.1613311 http://asa.scitation.org/toc/arl/4/4},
    doi = {10.1121/1.1613311},
    keywords = {4370Gr, 4371Ft, 4372Ne, PACS Numbers}
}

@article{Toscano2010CueStatistics,
    title = {{Cue Integration With Categories: Weighting Acoustic Cues in Speech Using Unsupervised Learning and Distributional Statistics}},
    year = {2010},
    author = {Toscano, Joseph C and Mcmurray, Bob},
    doi = {10.1111/j.1551-6709.2009.01077.x},
    keywords = {Categorization, Cue weighting, Mixture of Gaussians, Reliability, Speech development, Speech perception, Statistical learning, Unsupervised learning}
}

@article{Dillon2011AInuktitut,
    title = {{A single stage approach to learning phonological categories: Insights from Inuktitut}},
    year = {2011},
    author = {Dillon, Brian and Dunbar, Ewan and Idsardi, William}
}

@article{Rasmussen1999TheModel,
    title = {{The Infinite Gaussian Mixture Model}},
    year = {1999},
    author = {Rasmussen, Carl Edward},
    url = {http://bayes.imm.dtu.dk}
}

@article{Maye2002InfantDiscrimination,
    title = {{Infant sensitivity to distributional information can affect phonetic discrimination}},
    year = {2002},
    author = {Maye, Jessica and Werker, Janet F and Gerken, Louann},
    keywords = {Distributional information, Infant sensitivity, Phonetic discrimination}
}

@article{Swingley2009ContributionsDevelopment,
    title = {{Contributions of Infant Word Learning to Language Development}},
    year = {2009},
    journal = {Source: Philosophical Transactions: Biological Sciences Phil. Trans. R. Soc. B},
    author = {Swingley, Daniel},
    number = {364},
    pages = {3617--3632},
    volume = {364},
    url = {http://www.jstor.org/stable/40538179 http://about.jstor.org/terms},
    doi = {10.1098/rstb.2009.0107},
    keywords = {language acquisition, language development, lexicon, speech perception, word learning}
}

@article{KnightAutomatingTranslation,
    title = {{Automating Knowledge Acquisition for Machine Translation}},
    author = {Knight, Kevin}
}

@article{ManningLastLearning,
    title = {{Last Words Computational Linguistics and Deep Learning}},
    author = {Manning, Christopher D},
    doi = {10.1162/COLI}
}

@article{GoldbergAProcessing,
    title = {{A Primer on Neural Network Models for Natural Language Processing}},
    author = {Goldberg, Yoav}
}

@misc{ThomasK.Landauer1997LSA:Problem,
    title = {{LSA: A Solution to Plato's Problem}},
    year = {1997},
    author = {Thomas K. Landauer, Susan T. Dumais},
    url = {http://lsa.colorado.edu/papers/plato/plato.annote.html}
}

@article{Full-text,
    title = {{full-text}}
}

@article{Griffiths2007TopicsRepresentation,
    title = {{Topics in Semantic Representation}},
    year = {2007},
    author = {Griffiths, Thomas L and Steyvers, Mark and Tenenbaum, Joshua B},
    doi = {10.1037/0033-295X.114.2.211},
    keywords = {Bayesian models, compu-tational models, probabilistic models, semantic memory, semantic representation}
}

@article{Casella1992ExplainingSampler,
    title = {{Explaining the Gibbs Sampler}},
    year = {1992},
    journal = {The American Statistician},
    author = {Casella, George and George, Edward I.},
    number = {3},
    month = {8},
    pages = {167},
    volume = {46},
    url = {http://www.jstor.org/stable/2685208?origin=crossref},
    doi = {10.2307/2685208},
    issn = {00031305}
}

@article{Lopez2011WordAlgorithm,
    title = {{Word Alignment and the Expectation-Maximization Algorithm}},
    year = {2011},
    author = {Lopez, Adam},
    pages = {1--9},
    url = {https://drive.google.com/file/d/0B7cpo43vOGF1WXpmNVowcVU1UXc/view}
}

@article{Borman2009TheTutorial,
    title = {{The Expectation Maximization Algorithm A short tutorial}},
    year = {2009},
    journal = {Submitted for publication},
    author = {Borman, Sean},
    number = {x},
    pages = {1--9},
    volume = {25},
    url = {http://citeseerx.ist.psu.edu/viewdoc/download?doi=10.1.1.150.8193&amp;rep=rep1&amp;type=pdf},
    isbn = {0387952845},
    doi = {10.1097/RLU.0b013e3181b06c41{\textbackslash}r00003072-200909000-00002},
    issn = {15360229},
    pmid = {19692813}
}

@misc{Lopez2014ProbabilityLanguage,
    title = {{Probability and Language}},
    year = {2014},
    author = {Lopez, Adam},
    url = {http://www.inf.ed.ac.uk/teaching/courses/mt/1-language-models.html},
    doi = {10.1037/e535742012-001}
}

@article{Collins2CHAPTERNLP,
    title = {{2CHAPTER 1. LANGUAGE MODELING(COURSE NOTES FOR NLP}},
    author = {Collins, Michael}
}

@article{MitchellCompositionSemantics,
    title = {{Composition in Distributional Models of Semantics}},
    author = {Mitchell, Jeff and Lapata, Mirella},
    doi = {10.1111/j.1551-6709.2010.01106.x},
    keywords = {Compositionality, Connectionism, Distributional models, Meaning representations, Phrase similarity, Semantic spaces}
}

@article{Blacoe2012AComposition,
    title = {{A Comparison of Vector-based Representations for Semantic Composition}},
    year = {2012},
    author = {Blacoe, William and Lapata, Mirella},
    pages = {546--556}
}

@article{Toutanova2011WhyConvexity,
    title = {{Why Initialization Matters for IBM Model 1 : Multiple Optima and Non-Strict Convexity}},
    year = {2011},
    journal = {Proceedings of the 49th Annual Meeting of the Association for Computational Linguistics: Human Language Technologies},
    author = {Toutanova, Kristina and Galley, Michel},
    number = {ii},
    pages = {461--466},
    isbn = {9781932432886}
}

@article{Knight1999AWorkbook,
    title = {{A Statistical MT Tutorial Workbook}},
    year = {1999},
    journal = {Prepared for the 1999 JHU Summer Workshop},
    author = {Knight, Kevin},
    pages = {1--37},
    url = {http://www.snlp.de/prescher/teaching/2007/StatisticalNLP/bib/1999jhu.knight.pdf}
}

@article{Moore2004Improving1,
    title = {{Improving IBM word-alignment model 1}},
    year = {2004},
    journal = {Proceedings of the 42nd Annual Meeting on Association for Computational Linguistics - ACL '04},
    author = {Moore, Robert C},
    pages = {518-es},
    url = {http://portal.acm.org/citation.cfm?doid=1218955.1219021},
    doi = {10.3115/1218955.1219021}
}

@article{Clarkson1996IntroductionNetworks,
    title = {{Introduction to neural networks}},
    year = {1996},
    journal = {Neural Network World},
    author = {Clarkson, T. G.},
    isbn = {0262011441},
    doi = {10.1016/S0140-6736(95)91746-2},
    issn = {12100552},
    pmid = {17691284},
    arxivId = {arXiv:1508.05133v2}
}

@article{Baker2005SingularTutorial,
    title = {{Singular Value Decomposition Tutorial}},
    year = {2005},
    author = {Baker, Kirk}
}

@article{Koehn2003StatisticalTranslation,
    title = {{Statistical phrase-based translation}},
    year = {2003},
    journal = {Proceedings of the 2003 Conference of the North American Chapter of the Association for Computational Linguistics on Human Language Technology - NAACL '03},
    author = {Koehn, Philipp and Och, Franz Josef and Marcu, Daniel},
    number = {June},
    pages = {48--54},
    volume = {1},
    url = {http://portal.acm.org/citation.cfm?doid=1073445.1073462},
    isbn = {978-3-540-24017-4},
    doi = {10.3115/1073445.1073462},
    issn = {01461672}
}

@article{DeNero2008TheProblems,
    title = {{The complexity of phrase alignment problems}},
    year = {2008},
    journal = {Proceedings of the Association for Computational Linguistics},
    author = {DeNero, John and Klein, Dan},
    number = {June},
    pages = {25--28},
    url = {http://dl.acm.org/citation.cfm?id=1557698%5Cnpapers3://publication/uuid/8880C789-11A6-47AB-9EF8-711D2A5A7302},
    isbn = {9781932432046},
    doi = {10.3115/1557690.1557698}
}

@article{Shannon1948ACommunication,
    title = {{A mathematical theory of communication}},
    year = {1948},
    journal = {The Bell System Technical Journal},
    author = {Shannon, Claude E},
    number = {July 1928},
    pages = {379--423},
    volume = {27},
    url = {http://cm.bell-labs.com/cm/ms/what/shannonday/shannon1948.pdf},
    isbn = {0252725484},
    doi = {10.1145/584091.584093},
    issn = {07246811},
    pmid = {9230594},
    arxivId = {chao-dyn/9411012}
}

@article{Botha2014CompositionalModelling,
    title = {{Compositional Morphology for Word Representations and Language Modelling}},
    year = {2014},
    journal = {Proceedings of the 31th International Conference on Machine Learning},
    author = {Botha, Jan A and Blunsom, Phil},
    pages = {1899--1907},
    isbn = {9781457705397},
    arxivId = {1405.4273}
}

@article{Junczys-Dowmunt2016Phrase-basedCorrection,
    title = {{Phrase-based Machine Translation is State-of-the-Art for Automatic Grammatical Error Correction}},
    year = {2016},
    journal = {Proceedings of the 2016 Conference on Empirical Methods in Natural Language Processing (EMNLP-16)},
    author = {Junczys-Dowmunt, Marcin and Grundkiewicz, Roman},
    number = {1605.06353},
    pages = {1546--1556},
    url = {http://arxiv.org/abs/1605.06353},
    arxivId = {1605.06353}
}

@article{Ling2015FindingRepresentation,
    title = {{Finding Function in Form: Compositional Character Models for Open Vocabulary Word Representation}},
    year = {2015},
    journal = {Proceedings of the 2015 Conference on Empirical Methods in Natural Language Processing},
    author = {Ling, Wang and Luis, Tiago and Marujo, Luís Luis and Astudillo, Ramon Fernandez and Amir, Silvio and Dyer, Chris and Black, Alan W and Trancoso, Isabel and Fermandez, Ramon and Amir, Silvio and Marujo, Luís Luis and Lu{\'{i}}s, Tiago},
    number = {September},
    pages = {1520--1530},
    url = {http://dx.doi.org/10.18653/v1/d15-1176%5Cnfile:///Files/68/6810072d-e133-426e-807f-445df2840420.pdf%5Cnpapers3://publication/doi/10.18653/v1/d15-1176%5Cnhttp://arxiv.org/abs/1508.02096},
    isbn = {9781941643327},
    doi = {10.18653/v1/D15-1176},
    arxivId = {1508.02096}
}

@article{Dahlmeier2012BetterCorrection,
    title = {{Better Evaluation for Grammatical Error Correction}},
    year = {2012},
    journal = {2012 Conference of the North American Chapter of the Association for Computational Linguistics: Human Language Technologies},
    author = {Dahlmeier, Daniel and Ng, Hwee Tou},
    pages = {568--572},
    isbn = {1937284204}
}

@article{Chen2014ANetworks,
    title = {{A Fast and Accurate Dependency Parser using Neural Networks}},
    year = {2014},
    journal = {Proceedings of the 2014 Conference on Empirical Methods in Natural Language Processing (EMNLP)},
    author = {Chen, Danqi and Manning, Christopher D},
    number = {i},
    pages = {740--750},
    url = {https://cs.stanford.edu/~danqi/papers/emnlp2014.pdf},
    isbn = {9781937284961},
    doi = {10.3115/v1/D14-1082},
    issn = {9781937284961}
}

@article{Koehn2007Moses,
    title = {{Moses}},
    year = {2007},
    journal = {Proceedings of the 45th Annual Meeting of the ACL on Interactive Poster and Demonstration Sessions - ACL '07},
    author = {Koehn, Philipp and Zens, Richard and Dyer, Chris and Bojar, Ondřej and Constantin, Alexandra and Herbst, Evan and Hoang, Hieu and Birch, Alexandra and Callison-Burch, Chris and Federico, Marcello and Bertoldi, Nicola and Cowan, Brooke and Shen, Wade and Moran, Christine},
    number = {June},
    pages = {177},
    url = {http://portal.acm.org/citation.cfm?doid=1557769.1557821},
    doi = {10.3115/1557769.1557821}
}

@article{Ling2015FindingRepresentationb,
    title = {{Finding Function in Form: Compositional Character Models for Open Vocabulary Word Representation}},
    year = {2015},
    journal = {Proceedings of the 2015 Conference on Empirical Methods in Natural Language Processing},
    author = {Ling, Wang and Luis, Tiago and Marujo, Luís Luis and Astudillo, Ramon Fernandez and Amir, Silvio and Dyer, Chris and Black, Alan W and Trancoso, Isabel and Fermandez, Ramon and Amir, Silvio and Marujo, Luís Luis and Lu{\'{i}}s, Tiago},
    number = {September},
    pages = {1520--1530},
    url = {http://dx.doi.org/10.18653/v1/d15-1176%5Cnfile:///Files/68/6810072d-e133-426e-807f-445df2840420.pdf%5Cnpapers3://publication/doi/10.18653/v1/d15-1176%5Cnhttp://arxiv.org/abs/1508.02096},
    isbn = {9781941643327},
    doi = {10.18653/v1/D15-1176},
    arxivId = {1508.02096}
}

@article{Ng2014TheCorrection,
    title = {{The CoNLL-2014 Shared Task on Grammatical Error Correction}},
    year = {2014},
    journal = {Proceedings of the Eighteenth Conference on Computational Natural Language Learning: Shared Task},
    author = {Ng, Hwee Tou and Wu, Siew Mei and Briscoe, Ted and Hadiwinoto, Christian and Susanto, Raymond Hendy and Bryant, Christopher},
    number = {July},
    pages = {1--14},
    url = {http://www.aclweb.org/anthology/W/W14/W14-1701},
    isbn = {9781937284718}
}

@article{Zhang2016DependencySelection,
    title = {{Dependency Parsing as Head Selection}},
    year = {2016},
    author = {Zhang, Xingxing and Cheng, Jianpeng and Lapata, Mirella},
    url = {http://arxiv.org/abs/1606.01280},
    arxivId = {1606.01280}
}

@article{Kim2016Character-AwareModels,
    title = {{Character-Aware Neural Language Models}},
    year = {2016},
    journal = {Aaai},
    author = {Kim, Yoon and Jernite, Yacine and Sontag, David and Rush, Alexander M.},
    pages = {2741--2749},
    url = {http://arxiv.org/abs/1508.06615},
    isbn = {9781577357605},
    arxivId = {1508.06615},
    keywords = {Technical Papers: Natural Language Processing and}
}

@article{Fan2016AHead,
    title = {{A deep bidirectional LSTM approach for video-realistic talking head}},
    year = {2016},
    journal = {Multimedia Tools and Applications},
    author = {Fan, Bo and Xie, Lei and Yang, Shan and Wang, Lijuan and Soong, Frank K.},
    number = {9},
    pages = {5287--5309},
    volume = {75},
    publisher = {Multimedia Tools and Applications},
    url = {http://dx.doi.org/10.1007/s11042-015-2944-3},
    doi = {10.1007/s11042-015-2944-3},
    issn = {15737721},
    keywords = {Active appearance model, Long short-term memory, Recurrent neural network, Talking head, Visual speech synthesis}
}

@article{Wang2011TextAsia,
    title = {{Text Driven 3D Photo - Realistic Talking Head Microsoft Research Asia}},
    year = {2011},
    journal = {Interspeech},
    author = {Wang, Lijuan and Han, Wei and Soong, Frank K. and Huo, Qiang},
    number = {August},
    pages = {3307--3308},
    isbn = {19909772 (ISSN)},
    issn = {19909772},
    keywords = {3D, Audio/visual synthesis, Photo-realistic, Talking head, audio/visual synthesis, photo-realistic, talking head}
}

@article{MikolovEfficientSpace,
    title = {{Efficient Estimation of Word Representations in Vector Space}},
    author = {Mikolov, Tomas and Chen, Kai and Corrado, Greg and Dean, Jeffrey}
}

@article{MikolovDistributedCompositionality,
    title = {{Distributed Representations of Words and Phrases and their Compositionality}},
    author = {Mikolov, Tomas and Sutskever, Ilya and Chen, Kai and Corrado, Greg and Dean, Jeffrey}
}

@article{Goldberg2014Word2vecModel,
    title = {{word2vec Explained: Deriving Mikolov et al.'s Negative-Sampling Word-Embedding Method The skip-gram model}},
    year = {2014},
    author = {Goldberg, Yoav and Levy, Omer and Mikolov, Tomas and Sutskever, Ilya and Chen, Kai and Corrado, Greg and Dean, Jeffrey},
    arxivId = {arXiv:1402.3722v1},
    keywords = {()}
}

@article{McdonaldNon-projectiveAlgorithms,
    title = {{Non-projective Dependency Parsing using Spanning Tree Algorithms}},
    author = {Mcdonald, Ryan and Pereira, Fernando and Ribarov, Kiril and Haji{\v{c}}, Jan},
    pages = {523--530}
}

@article{SpeechSyntacticParsing,
    title = {{Syntactic Parsing}},
    author = {Speech, Language and {Processing} and {Daniel} and James, H and {Martin}}
}

@article{Full-textb,
    title = {{full-text}}
}

@article{ChenANetworks,
    title = {{A Fast and Accurate Dependency Parser using Neural Networks}},
    author = {Chen, Danqi and Manning, Christopher D}
}

@article{Hopkins2013ModelsCompetitions,
    title = {{Models of Translation Competitions}},
    year = {2013},
    journal = {Acl-2013},
    author = {Hopkins, Mark and May, Jonathan},
    pages = {1416--1424},
    url = {http://www.aclweb.org/anthology/P13-1139},
    isbn = {9781937284503}
}

@article{BojarTenLearnt,
    title = {{Ten Years of WMT Evaluation Campaigns: Lessons Learnt}},
    author = {Bojar, Ondřej and Federmann, Christian and Haddow, Barry and Koehn, Philipp and Post, Matt and Specia, Lucia},
    keywords = {Evaluation, Machine Translation, Shared Tasks}
}

@article{WangLearningInteraction,
    title = {{Learning Language Games through Interaction}},
    author = {Wang, Sida I and Liang, Percy and Manning, Christopher D}
}

@article{Hopkins2013ModelsCompetitionsb,
    title = {{Models of Translation Competitions}},
    year = {2013},
    journal = {Acl-2013},
    author = {Hopkins, Mark and May, Jonathan},
    pages = {1416--1424},
    url = {http://www.aclweb.org/anthology/P13-1139},
    isbn = {9781937284503}
}

@article{BojarTenLearntb,
    title = {{Ten Years of WMT Evaluation Campaigns: Lessons Learnt}},
    author = {Bojar, Ondřej and Federmann, Christian and Haddow, Barry and Koehn, Philipp and Post, Matt and Specia, Lucia},
    keywords = {Evaluation, Machine Translation, Shared Tasks}
}

@article{Bengio2003AModel,
    title = {{A Neural Probabilistic Language Model}},
    year = {2003},
    journal = {The Journal of Machine Learning Research},
    author = {Bengio, Yoshua and Ducharme, Réjean and Vincent, Pascal and Janvin, Christian},
    pages = {1137--1155},
    volume = {3},
    isbn = {1532-4435},
    doi = {10.1162/153244303322533223},
    issn = {15324435},
    pmid = {18244602},
    arxivId = {arXiv:1301.3781v3},
    keywords = {artificial neural networks, curse of dimensionality, distributed representation, statistical language modeling}
}

@inproceedings{Rozovskaya2016GrammaticalClassifiers,
    title = {{Grammatical Error Correction: Machine Translation and Classifiers}},
    year = {2016},
    booktitle = {ACL-2016},
    author = {Rozovskaya, Alla and Roth, Dan},
    isbn = {9781941643914}
}

@article{Riddell2012AUnigrams,
    title = {{A Simple Topic Model (Mixture of Unigrams)}},
    year = {2012},
    author = {Riddell, Allen Beye},
    number = {July},
    url = {http://ariddell.org/weblog/2012/07/22/simple-topic-model/}
}

@article{Bahdanau2014NeuralTranslate,
    title = {{Neural Machine Translation By Jointly Learning To Align and Translate}},
    year = {2014},
    journal = {Iclr 2015},
    author = {Bahdanau, Dzmitry and Cho, Kyunghyun and Bengio, Yoshua},
    pages = {1--15},
    url = {http://arxiv.org/abs/1409.0473v3},
    isbn = {0147-006X (Print)},
    doi = {10.1146/annurev.neuro.26.041002.131047},
    issn = {0147-006X},
    pmid = {14527267},
    arxivId = {1409.0473},
    keywords = {Neural machine translation is a recently proposed, Unlike the traditional statistical machine transla, a source sentence into a fixed-length vector from, and propose to extend this by allowing a model to, bottleneck in improving the performance of this ba, for parts of a source sentence that are relevant t, having to form these parts as a hard segment expli, machine translation often belong to a family of en, maximize the translation performance. The models p, phrase-based system on the task of English-to-Fren, qualitative analysis reveals that the (soft-)align, the neural machine, translation aims at building a single neural netwo, translation. In this paper, we achieve a translation performance comparable to, we conjecture that the use of a fixed-length vecto, well with our intuition, without}
}

@article{DaumeIII2007FrustratinglyAdaptation,
    title = {{Frustratingly Easy Domain Adaptation}},
    year = {2007},
    journal = {Association for Computational Linguistic (ACL)s},
    author = {Daum{\'{e}} III, Hal},
    number = {June},
    pages = {256--263},
    isbn = {0736587X},
    doi = {10.1.1.110.2062},
    issn = {0736587X},
    arxivId = {0907.1815},
    keywords = {()}
}

@article{Yuan2016GrammaticalTranslation,
    title = {{Grammatical error correction using neural machine translation}},
    year = {2016},
    author = {Yuan, Zheng and Briscoe, Ted},
    pages = {380--386},
    isbn = {9781941643914}
}

@article{Zaremba2014RecurrentRegularization,
    title = {{Recurrent Neural Network Regularization}},
    year = {2014},
    journal = {Icrl},
    author = {Zaremba, Wojciech and Sutskever, Ilya and Vinyals, Oriol},
    number = {2013},
    pages = {1--8},
    url = {https://arxiv.org/pdf/1409.2329.pdf http://arxiv.org/abs/1409.2329},
    isbn = {078036404X},
    doi = {ng},
    issn = {0157244X},
    arxivId = {1409.2329},
    keywords = {Natural Language Processing, Recurrent Neural Netw}
}

@article{Xie2016NeuralAttention,
    title = {{Neural Language Correction with Character-Based Attention}},
    year = {2016},
    journal = {Arxiv},
    author = {Xie, Ziang and Avati, Anand and Arivazhagan, Naveen and Jurafsky, Dan and Ng, Andrew},
    pages = {10},
    url = {https://arxiv.org/pdf/1603.09727.pdf http://arxiv.org/abs/1603.09727},
    arxivId = {1603.09727}
}

@article{Luong2015EffectiveTranslation,
    title = {{Effective Approaches to Attention-based Neural Machine Translation}},
    year = {2015},
    journal = {Emnlp},
    author = {Luong, Minh-Thang and Pham, Hieu and Manning, Christopher D},
    number = {September},
    pages = {11},
    publisher = {Association for Computational Linguistics},
    url = {http://www.aclweb.org/anthology/D15-1166 http://arxiv.org/abs/1508.04025},
    isbn = {9781941643327},
    doi = {10.18653/v1/D15-1166},
    issn = {10495258},
    arxivId = {1508.04025}
}

@inproceedings{Junczys-Dowmunt2016TheSMT,
    title = {{The AMU-UEDIN Submission to the WMT16 News Translation Task: Attention-based NMT Models as Feature Functions in Phrase-based SMT}},
    year = {2016},
    booktitle = {Proceedings of the First Conference on Machine Translation},
    author = {Junczys-Dowmunt, Marcin and Dwojak, Tomasz and Sennrich, Rico},
    pages = {319--325},
    volume = {2},
    url = {https://arxiv.org/pdf/1605.04809.pdf},
    arxivId = {arXiv:1605.04809v1},
    keywords = {()}
}

@article{Heafield2013ScalableEstimation,
    title = {{Scalable Modified Kneser-Ney Language Model Estimation}},
    year = {2013},
    journal = {Proceedings of the 51st Annual Meeting of the Association for Compu- tational Linguistics (Volume 2: Short Papers)},
    author = {Heafield, Kenneth and Pouzyrevsky, Ivan and Clark, Jonathan H. and Koehn, Philipp},
    pages = {690--696},
    isbn = {9781937284510}
}

@article{Schindler2012FacilitatingDataset,
    title = {{Facilitating Comprehensive Benchmarking Experiments on the Million Song Dataset}},
    year = {2012},
    author = {Schindler, Alexander and Mayer, Rudolf and Rauber, Andreas},
    url = {http://ismir2012.ismir.net/event/papers/469_ISMIR_2012.pdf}
}

@article{Liang2011MusicReport,
    title = {{Music Genre Classification with the Million Song Dataset 15-826 Final Report}},
    year = {2011},
    author = {Liang, Dawen and Gu, Haijie and O'Connor, Brendan},
    url = {http://citeseerx.ist.psu.edu/viewdoc/download?doi=10.1.1.700.2701&rep=rep1&type=pdf}
}

@article{Dieleman2011Audio-BasedNetwork,
    title = {{Audio-Based Music Classification with a Pretrained Convolutional Network}},
    year = {2011},
    author = {Dieleman, Sander and Brakel, Philémon and Schrauwen, Benjamin},
    url = {https://biblio.ugent.be/publication/1989534/file/6741798.pdf}
}

@article{Jordan2012SongMFCCs,
    title = {{Song genre classification via training on segment chromas and MFCCs}},
    year = {2012},
    author = {Jordan, Caleb and Cope, Alex},
    url = {https://pdfs.semanticscholar.org/f313/2da4a6b0185d4e93b2d6cc40280480b74623.pdf?_ga=1.158894586.1363453607.1477312433}
}

@article{Bertin-Mahieux2011TheDataset,
    title = {{The Million Song Dataset}},
    year = {2011},
    author = {Bertin-Mahieux, Thierry and Ellis, Daniel P.W. and Whitman, Brian and Lamere, Paul},
    url = {https://pdfs.semanticscholar.org/b61d/42350d246009f997cf9a51bdc91e0a31e3a6.pdf?_ga=1.98707038.1363453607.1477312433}
}

@article{Diab2012MusicalDatasets,
    title = {{Musical Genre Tag Classification With Curated and Crowdsourced Datasets}},
    year = {2012},
    author = {Diab, Omar and Mainero, Anthony and Watson, Reid},
    url = {https://pdfs.semanticscholar.org/1d7f/9e07250f04fb2ab998857f8bc3007126658e.pdf?_ga=1.62079724.1363453607.1477312433}
}

@article{Jothilakshmi1+2012AutomaticMusic,
    title = {{Automatic Music Genre Classification for Indian Music}},
    year = {2012},
    author = {Jothilakshmi 1+, S and Kathiresan, N},
    url = {https://pdfs.semanticscholar.org/0c55/aeb8fc8867f962a4b5d9e7c51342a546ec16.pdf?_ga=1.2179824.1363453607.1477312433},
    keywords = {Gaussian mixture model, Indian music, Music genres, Spectral shape features and perceptual features, k-nearest neighbour}
}

@article{Schreiber2015ImprovingDataset,
    title = {{Improving Genre Annotations for the Million Song Dataset}},
    year = {2015},
    author = {Schreiber, Hendrik},
    url = {http://www.tagtraum.com/download/schreiber_msdgenre_ismir2015.pdf}
}

@article{Hochreiter1997LongMemory,
    title = {{Long Short-Term Memory}},
    year = {1997},
    journal = {Neural Computation},
    author = {Hochreiter, Sepp and Urgen Schmidhuber, J},
    number = {8},
    pages = {1735--1780},
    volume = {9},
    url = {http://www7.informatik.tu-muenchen.de/~hochreit http://www.idsia.ch/~juergen}
}

@article{Susanto2014SystemCorrection,
    title = {{System Combination for Grammatical Error Correction}},
    year = {2014},
    journal = {Proceedings of the 2014 Conference on Empirical Methods in Natural Language Processing (EMNLP)},
    author = {Susanto, Raymond Hendy and Phandi, Peter and Ng, Hwee Tou},
    pages = {951--962},
    url = {https://pdfs.semanticscholar.org/37ea/0a5e1c0219e490a76b29869bf3940d74545e.pdf?_ga=1.63709807.1363453607.1477312433},
    isbn = {9781937284961}
}

@article{Tajiri2012TenseContext,
    title = {{Tense and aspect error correction for ESL learners using global context}},
    year = {2012},
    journal = {Proceedings of the 50th Annual Meeting of the Association for Computational Linguistics},
    author = {Tajiri, Toshikazu and Komachi, Mamoru and Matsumoto, Yuji},
    number = {July},
    pages = {198--202},
    volume = {2},
    url = {http://www.aclweb.org/anthology/P12-2039 http://dl.acm.org/citation.cfm?id=2390714},
    isbn = {9781937284251}
}

@article{Mizumoto2012TheWritings,
    title = {{The Effect of Learner Corpus Size in Grammatical Error Correction of ESL Writings}},
    year = {2012},
    journal = {Aclweb.Org},
    author = {Mizumoto, Tomoya and Hayashibe, Yuta and Komachi, Mamoru and Nagata, Masaaki and Matsumoto, Yu Ji},
    number = {December 2012},
    pages = {863--872},
    volume = {1},
    url = {http://www.aclweb.org/anthology/C/C12/C12-2084.pdf}
}

@article{Goldwater2007A,
    title = {{A Fully Bayesian Approach to Unsupervised Part-of-Speech Tagging *}},
    year = {2007},
    author = {Goldwater, Sharon and Griffiths, Thomas L},
    pages = {744--751},
    url = {http://www.aclweb.org/anthology/P/P07/P07-1094.pdf}
}

@article{SpeechHiddenModels,
    title = {{Hidden Markov Models}},
    author = {Speech, Language and {Processing} and {Daniel} and James, H and {Martin}},
    url = {http://www.inf.ed.ac.uk/teaching/courses/nlu/reading/9.pdf}
}

@article{SpeechPart-of-SpeechTagging,
    title = {{Part-of-Speech Tagging}},
    author = {Speech, Language and {Processing} and {Daniel} and James, H and {Martin}},
    url = {http://www.inf.ed.ac.uk/teaching/courses/nlu/reading/10.pdf}
}

@article{Berg-KirkpatrickPainlessFeatures,
    title = {{Painless Unsupervised Learning with Features}},
    author = {Berg-Kirkpatrick, Taylor and Bouchard-C{\^{o}}t{\'{e}}, Alexandre and Denero, John and Klein, Dan},
    pages = {582--590},
    url = {http://www.aclweb.org/anthology/N/N10/N10-1083.pdf}
}

@article{LinUnsupervisedEmbeddings,
    title = {{Unsupervised POS Induction with Word Embeddings}},
    author = {Lin, Chu-Cheng and Ammar, Waleed and Dyer, Chris and Levin, Lori},
    pages = {1311--1316},
    url = {http://www.aclweb.org/anthology/N15-1144}
}

@article{MikolovRecurrentModel,
    title = {{Recurrent neural network based language model}},
    author = {Mikolov, Tomáš and Karafi{\'{a}}t, Martin and Burget, Lukáš and Khudanpur, Sanjeev},
    url = {http://www.fit.vutbr.cz/research/groups/speech/publi/2010/mikolov_interspeech2010_IS100722.pdf},
    keywords = {Index Terms, language modeling, recurrent neural networks, speech recognition}
}

@article{Full-textc,
    title = {{full-text}}
}

@article{GravesSupervisedNetworks,
    title = {{Supervised Sequence Labelling with Recurrent Neural Networks}},
    author = {Graves, Alex}
}

@article{ZhouEnd-to-endNetworks,
    title = {{End-to-end Learning of Semantic Role Labeling Using Recurrent Neural Networks}},
    author = {Zhou, Jie and Xu, Wei and Research, Baidu},
    pages = {1127--1137},
    url = {http://www.aclweb.org/anthology/P15-1109}
}

@article{Speech2015SemanticLabeling,
    title = {{Semantic Role Labeling}},
    year = {2015},
    author = {Speech, Language and {Processing} and {Daniel} and James, H and {Martin}}
}

@article{SocherSemi-SupervisedDistributions,
    title = {{Semi-Supervised Recursive Autoencoders for Predicting Sentiment Distributions}},
    author = {Socher, Richard and Pennington, Jeffrey and Huang, Eric H and Ng, Andrew Y and Manning, Christopher D},
    url = {https://nlp.stanford.edu/pubs/SocherPenningtonHuangNgManning_EMNLP2011.pdf}
}

@article{KimConvolutionalClassification,
    title = {{Convolutional Neural Networks for Sentence Classification}},
    author = {Kim, Yoon},
    pages = {1746--1751},
    url = {http://emnlp2014.org/papers/pdf/EMNLP2014181.pdf}
}

@article{ZhangAClassification,
    title = {{A Sensitivity Analysis of (and Practitioners' Guide to) Convolutional Neural Networks for Sentence Classification}},
    author = {Zhang, Ye and Wallace, Byron C},
    url = {https://arxiv.org/pdf/1510.03820.pdf}
}

@article{Ng2013TheCorrection,
    title = {{The CoNLL-2013 Shared Task on Grammatical Error Correction}},
    year = {2013},
    journal = {Computational Natural Language Learning (CoNLL), Shared Task},
    author = {Ng, Hwee Tou and Wu, Yuanbin and Hadiwinoto, Christian},
    pages = {1--12},
    url = {https://pdfs.semanticscholar.org/f8f9/2f791d67883f77525c5aecdb7b10b3488b29.pdf?_ga=1.165768574.1363453607.1477312433},
    isbn = {9781937284718}
}

@article{Dale2011HelpingTask,
    title = {{Helping Our Own: The HOO 2011 Pilot Shared Task}},
    year = {2011},
    journal = {the Generation Challenges Session at the 13th European Workshop on Natural Language Generation,},
    author = {Dale, Robert and Kilgarriff, Adam},
    pages = {242--249},
    url = {https://pdfs.semanticscholar.org/9a8e/bbfc26eb959e111c5c4ad8159aad142cccbc.pdf?_ga=1.70418768.1363453607.1477312433}
}

@article{Dahlmeier2013BuildingEnglish,
    title = {{Building a large annotated corpus of learner English: The NUS corpus of learner English}},
    year = {2013},
    journal = {Proceedings of the Eighth Workshop on Innovative Use of NLP for Building Educational Applications},
    author = {Dahlmeier, Daniel and Ng, Ht and Wu, Sm},
    pages = {22--31},
    url = {https://pdfs.semanticscholar.org/d73d/0ad692b4105f6f0c63a0bebf1eb8bdc8c918.pdf?_ga=1.62473708.1363453607.1477312433 http://scholar.google.com/scholar?hl=en&btnG=Search&q=intitle:Building+a+Large+Annotated+Corpus+of+Learner+English+:+The+NUS+Corpus+of+Lear},
    isbn = {9781937284473}
}

@article{Chollampatt2016NeuralCorrection,
    title = {{Neural Network Translation Models for Grammatical Error Correction}},
    year = {2016},
    author = {Chollampatt, Shamil and Taghipour, Kaveh and Ng, Hwee Tou},
    pages = {2768--2774},
    url = {http://arxiv.org/abs/1606.00189},
    issn = {10450823},
    arxivId = {1606.00189},
    keywords = {Natural Language Processing}
}

@article{Dale2012HOOTask,
    title = {{HOO 2012: A report on the Preposition and Determiner Error Correction Shared Task}},
    year = {2012},
    journal = {the Seventh Workshop on Building Educational Applications Using NLP},
    author = {Dale, Robert and Anisimoff, Ilya and Narroway, George},
    pages = {54--62},
    isbn = {9781937284206}
}

@article{Mizumoto2011MiningLearners,
    title = {{Mining Revision Log of Language Learning SNS for Automated Japanese Error Correction of Second Language Learners}},
    year = {2011},
    author = {Mizumoto, Tomoya and Komachi, Mamoru and Nagata, Masaaki and Matsumoto, Yuji},
    pages = {147--155},
    url = {https://pdfs.semanticscholar.org/cb90/769caefe8a204d6c4839b6c0466efb041316.pdf}
}

@article{Mizumoto2014DiscriminativeTranslation,
    title = {{Discriminative Reranking for Grammatical Error Correction Using Statistical Machine Translation}},
    year = {2014},
    author = {Mizumoto, Tomoya},
    pages = {1133--1138}
}

@article{Frenay2014ClassificationSurvey,
    title = {{Classification in the presence of label noise: A survey}},
    year = {2014},
    journal = {IEEE Transactions on Neural Networks and Learning Systems},
    author = {Fr{\'{e}}nay, Benoît and Verleysen, Michel},
    isbn = {2162-237X VO  - 25},
    doi = {10.1109/TNNLS.2013.2292894},
    issn = {21622388},
    pmid = {24808033},
    keywords = {Class noise, classification, label noise, mislabeling, robust methods, survey.}
}

@article{Bbeiman1996BaggingPredictors,
    title = {{Bagging Predictors}},
    year = {1996},
    journal = {Machine Learning},
    author = {Bbeiman, Leo},
    pages = {123--140},
    volume = {24},
    url = {http://www.machine-learning.martinsewell.com/ensembles/bagging/Breiman1996.pdf},
    keywords = {Aggregation Bootstrap, Averaging, Combining}
}

@article{Xiao2013BaggingSystems,
    title = {{Bagging and Boosting Statistical Machine Translation Systems}},
    year = {2013},
    journal = {Artificial Intelligence},
    author = {Xiao, Tong and Zhu, Jingbo and Liu, Tongran},
    pages = {496--527},
    volume = {195},
    url = {www.elsevier.com/locate/artint},
    doi = {10.1016/j.artint.2012.11.005},
    keywords = {Ensemble learning, Statistical machine translation, System combination}
}

@article{JianchangMao1998AOCR,
    title = {{A case study on bagging, boosting and basic ensembles of neural networks for OCR}},
    year = {1998},
    journal = {1998 IEEE International Joint Conference on Neural Networks Proceedings. IEEE World Congress on Computational Intelligence (Cat. No.98CH36227)},
    author = {{Jianchang Mao}},
    pages = {1828--1833},
    volume = {3},
    url = {http://ieeexplore.ieee.org/lpdocs/epic03/wrapper.htm?arnumber=687135},
    isbn = {0-7803-4859-1},
    doi = {10.1109/IJCNN.1998.687135},
    issn = {1098-7576},
    keywords = {Bagging, Boosting, Computer aided software engineering, Degradation, Least squares methods, Mean square error methods, Neural networks, OCR, Optical character recognition software, Robustness, Training data, bagging ensemble, basic ensemble, boosting ensemble, error analysis, error correlation, feedforward neural nets, feedforward neural networks, generalisation (artificial intelligence), generalization, learning, learning (artificial intelligence), optical character recognition, random character degradation models}
}

@article{Heafield2010CombiningScheme,
    title = {{Combining Machine Translation Output with Open Source The Carnegie Mellon Multi-Engine Machine Translation Scheme}},
    year = {2010},
    author = {Heafield, Kenneth and Lavie, Alon},
    pages = {27--36},
    url = {https://www.degruyter.com/downloadpdf/j/pralin.2010.93.issue--1/v10108-010-0008-4/v10108-010-0008-4.pdf},
    isbn = {9788090417540},
    doi = {10.2478/v10108-010-0008-4},
    issn = {00326585}
}

@article{Kalchbrenner2013RecurrentModels,
    title = {{Recurrent Continuous Translation Models}},
    year = {2013},
    author = {Kalchbrenner, Nal and Blunsom, Phil},
    pages = {1700--1709},
    publisher = {Association for Computational Linguistics},
    url = {http://www.aclweb.org/anthology/D13-1176}
}

@article{Cho2014LearningTranslation,
    title = {{Learning Phrase Representations using RNN Encoder-Decoder for Statistical Machine Translation}},
    year = {2014},
    journal = {Proceedings of the 2014 Conference on Empirical Methods in Natural Language Processing (EMNLP)},
    author = {Cho, Kyunghyun and van Merrienboer, Bart and Gulcehre, Caglar and Bahdanau, Dzmitry and Bougares, Fethi and Schwenk, Holger and Bengio, Yoshua},
    pages = {1724--1734},
    url = {https://arxiv.org/pdf/1406.1078.pdf http://arxiv.org/abs/1406.1078},
    isbn = {9781937284961},
    doi = {10.3115/v1/D14-1179},
    issn = {09205691},
    pmid = {2079951},
    arxivId = {1406.1078},
    keywords = {decoder, for statistical machine translation, rning phrase representations using, rnn encoder}
}

@article{Cho2014OnApproaches,
    title = {{On the Properties of Neural Machine Translation: Encoder–Decoder Approaches}},
    year = {2014},
    journal = {Proceedings of SSST-8, Eighth Workshop on Syntax, Semantics and Structure in Statistical Translation},
    author = {Cho, Kyunghyun and van Merrienboer, Bart and Bahdanau, Dzmitry and Bengio, Yoshua},
    pages = {103--111},
    url = {https://arxiv.org/pdf/1409.1259.pdf http://arxiv.org/pdf/1409.1259v2.pdf%5Cnhttp://arxiv.org/abs/1409.1259},
    isbn = {9781937284961},
    arxivId = {arXiv:1409.1259v2}
}

@article{Sutskever2014SequenceNetworks,
    title = {{Sequence to Sequence Learning with Neural Networks}},
    year = {2014},
    author = {Sutskever, Ilya and Vinyals, Oriol and Le, Quoc V},
    url = {https://arxiv.org/pdf/1409.3215.pdf},
    arxivId = {arXiv:1409.3215v3}
}

@techreport{Wu2016GooglesTranslation,
    title = {{Google's Neural Machine Translation System: Bridging the Gap between Human and Machine Translation}},
    year = {2016},
    booktitle = {ArXiv e-prints},
    author = {Wu, Yonghui and Schuster, Mike and Chen, Zhifeng and Le, Quoc V and Norouzi, Mohammad and Macherey, Wolfgang and Krikun, Maxim and Cao, Yuan and Gao, Qin and Macherey, Klaus and Klingner, Jeff and Shah, Apurva and Johnson, Melvin and Liu, Xiaobing and Kaiser, Łukasz and Gouws, Stephan and Kato, Yoshikiyo and Kudo, Taku and Kazawa, Hideto and Stevens, Keith and Kurian, George and Patil, Nishant and Wang, Wei and Young, Cliff and Smith, Jason and Riesa, Jason and Rudnick, Alex and Vinyals, Oriol and Corrado, Greg and Hughes, Macduff and Dean, Jeffrey},
    pages = {1--23},
    url = {https://arxiv.org/pdf/1609.08144.pdf http://arxiv.org/abs/1609.08144},
    arxivId = {1609.08144v2},
    keywords = {Computer Science - Artificial Intelligence, Computer Science - Computation and Language, Computer Science - Learning}
}

@article{Mizumoto2014DiscriminativeTranslationb,
    title = {{Discriminative Reranking for Grammatical Error Correction Using Statistical Machine Translation}},
    year = {2014},
    author = {Mizumoto, Tomoya and Matsumoto, Yuji},
    pages = {1133--1138},
    url = {https://pdfs.semanticscholar.org/2a18/98d6374179fa8ca6bec9a15ea6fd682798d8.pdf}
}

@article{Och2003MinimumTranslation,
    title = {{Minimum Error Rate Training in Statistical Machine Translation}},
    year = {2003},
    journal = {ACL},
    author = {Och, FJ},
    pages = {160--167},
    volume = {1001},
    url = {https://pdfs.semanticscholar.org/e120/12eba40a77fdf5822d722db40a04310b98d0.pdf http://dl.acm.org/citation.cfm?id=1075117}
}

@article{Buck2014NCrawl,
    title = {{N -gram Counts and Language Models from the Common Crawl}},
    year = {2014},
    author = {Buck, Christian and Heafield, Kenneth and Van Ooyen, Bas},
    url = {https://kheafield.com/professional/stanford/crawl_paper.pdf},
    keywords = {language models, multilingual, web corpora}
}

@article{Luong2015AddressingTranslation,
    title = {{Addressing the Rare Word Problem in Neural Machine Translation}},
    year = {2015},
    author = {Luong, Minh-Thang and Sutskever Google Quoc Le, Ilya V and Vinyals Google Wojciech Zaremba, Oriol},
    url = {https://arxiv.org/pdf/1410.8206.pdf},
    arxivId = {arXiv:1410.8206v4},
    keywords = {()}
}

@article{Germann2001FastTranslation,
    title = {{Fast Decoding and Optimal Decoding for Machine Translation}},
    year = {2001},
    journal = {Proceedings of the 39th Annual Meeting on Association for Computational Linguistics - ACL '01},
    author = {Germann, Ulrich and Jahr, Michael and Knight, Kevin and Marcu, Daniel and Yamada, Kenji},
    pages = {228--235},
    url = {http://www.dtic.mil/dtic/tr/fulltext/u2/a459945.pdf http://portal.acm.org/citation.cfm?doid=1073012.1073042},
    doi = {10.3115/1073012.1073042}
}

@article{Bengio2009CurriculumLearning,
    title = {{Curriculum learning}},
    year = {2009},
    journal = {Proceedings of the 26th annual international conference on machine learning},
    author = {Bengio, Yoshua and Louradour, Jérôme and Collobert, Ronan and Weston, Jason},
    pages = {41--48},
    url = {http://www.machinelearning.org/archive/icml2009/papers/119.pdf http://portal.acm.org/citation.cfm?doid=1553374.1553380},
    isbn = {9781605585161},
    doi = {10.1145/1553374.1553380},
    issn = {0022-5193},
    pmid = {5414602},
    arxivId = {arXiv:1011.1669v3}
}

@inproceedings{Heigold2014AsynchronousNetworks,
    title = {{Asynchronous stochastic optimization for sequence training of deep neural networks}},
    year = {2014},
    booktitle = {Acoustics, Speech and Signal Processing (ICASSP), 2014 IEEE International Conference on},
    author = {Heigold, Georg and McDermott, Erik and Vanhoucke, Vincent and Senior, Andrew and Bacchiani, Michiel},
    pages = {5587--5591},
    url = {https://redes.unb.br/lasp/files/events/ICASSP2014/papers/p5624-heigold.pdf},
    keywords = {Index Terms— speech recognition, acoustic modeling, asynchronous stochastic optimization, neural networks, sequence training}
}

@inproceedings{Su2013ErrorTranscription,
    title = {{Error back propagation for sequence training of Context-Dependent Deep NetworkS for conversational speech transcription}},
    year = {2013},
    booktitle = {ICASSP, IEEE International Conference on Acoustics, Speech and Signal Processing - Proceedings},
    author = {Su, Hang and Li, Gang and Yu, Dong and Seide, Frank},
    pages = {6664--6668},
    url = {http://www1.icsi.berkeley.edu/~suhang/assets/doc/icassp2013Error.pdf},
    isbn = {9781479903566},
    doi = {10.1109/ICASSP.2013.6638951},
    issn = {15206149}
}

@article{Sennrich2017Nematus:Translation,
    title = {{Nematus: a Toolkit for Neural Machine Translation}},
    year = {2017},
    journal = {In Proceedings of the Demonstrations at the 15th Conference of the European Chapter of the Association for Computational Linguistics, Valencia, Spain.},
    author = {Sennrich, Rico and Firat, Orhan and Cho, Kyunghyun and Birch, Alexandra and Haddow, Barry and Hitschler, Julian and Junczys-Dowmunt, Marcin and L{\"{a}}ubli, Samuel and Barone, Antonio Valerio Miceli and Mokry, Jozef and Nadejde, Maria},
    url = {https://arxiv.org/pdf/1703.04357.pdf},
    arxivId = {1703.04357}
}

@article{Yannakoudakis2011ATexts,
    title = {{A New Dataset and Method for Automatically Grading ESOL Texts}},
    year = {2011},
    journal = {HLT '11 Proceedings of the 49th Annual Meeting of the Association for Computational Linguistics: Human Language Technologies},
    author = {Yannakoudakis, Helen and Briscoe, Ted and Medlock, Ben},
    pages = {180--189},
    url = {http://www.aclweb.org/anthology/P/P11/P11-1019.pdf},
    isbn = {9781932432879}
}

@article{Shen2016MinimumTranslation,
    title = {{Minimum Risk Training for Neural Machine Translation}},
    year = {2016},
    author = {Shen, Shiqi and Cheng, Yong and He, Zhongjun and He, Wei and Wu, Hua and Sun, Maosong and Liu, Yang},
    pages = {1683--1692},
    url = {http://www.aclweb.org/anthology/P16-1159}
}

@article{Sennrich2015NeuralUnits,
    title = {{Neural Machine Translation of Rare Words with Subword Units}},
    year = {2015},
    author = {Sennrich, Rico and Haddow, Barry and Birch, Alexandra},
    pages = {1715--1725},
    url = {https://www.aclweb.org/anthology/P/P16/P16-1162.pdf http://arxiv.org/abs/1508.07909},
    isbn = {9781510827585},
    arxivId = {1508.07909}
}

@article{Prechelt2012EarlyWhen,
    title = {{Early stopping - But when?}},
    year = {2012},
    journal = {Lecture Notes in Computer Science (including subseries Lecture Notes in Artificial Intelligence and Lecture Notes in Bioinformatics)},
    author = {Prechelt, Lutz},
    pages = {53--67},
    volume = {7700 LECTU},
    url = {http://page.mi.fu-berlin.de/prechelt/Biblio/stop_tricks1997.pdf},
    isbn = {9783642352881},
    doi = {10.1007/978-3-642-35289-8-5},
    issn = {03029743},
    pmid = {25382349},
    arxivId = {arXiv:1011.1669v3}
}

@article{Brown1993TheEstimation,
    title = {{The mathematics of statistical machine translation: Parameter estimation}},
    year = {1993},
    journal = {Computational linguistics},
    author = {Brown, Peter F. and Pietra, Stephen A. Della and Pietra, Vincent J Della and Mercer, Robert L},
    pages = {263–311},
    volume = {19},
    url = {https://pdfs.semanticscholar.org/9703/efad5e36e1ef3ab2292144c1a796515e5f6a.pdf?_ga=2.80401939.501395149.1502212919-1725374095.1502212919 http://dl.acm.org/citation.cfm?id=972474},
    isbn = {0891-2017},
    issn = {08912017},
    pmid = {3046723}
}

@incollection{Zens2002Phrase-basedTranslation,
    title = {{Phrase-based Statistical Machine Translation}},
    year = {2002},
    booktitle = {Advances in Artiﬁcial Intelligence. 25th Annual German Conference on Artiﬁcial Intelligence (KI 02)},
    author = {Zens, Richard and Och, Franz-Josef and Ney, Hermann},
    number = {Chapter 2},
    pages = {18--32},
    volume = {2479},
    url = {https://pdfs.semanticscholar.org/223d/cd0e44532fc02444709e61327432c74fe46d.pdf http://link.springer.com/chapter/10.1007/3-540-45751-8_2},
    isbn = {978-3-540-44185-4}
}